<record><leader>00000cas a22000007a 4500</leader><controlfield tag="001">19819110</controlfield><controlfield tag="008">890605d19031911moudn ne      0    0eng d</controlfield><datafield ind1=" " ind2=" " tag="010"><subfield code="a">sn 89066357 </subfield></datafield><datafield ind1=" " ind2=" " tag="040"><subfield code="a">MQN</subfield><subfield code="b">eng</subfield><subfield code="c">MQN</subfield><subfield code="d">OCLCQ</subfield></datafield><datafield ind1=" " ind2=" " tag="042"><subfield code="a">msc</subfield></datafield><datafield ind1="0" ind2="4" tag="245"><subfield code="a">The Daily republican-tribune.</subfield></datafield><datafield ind1=" " ind2=" " tag="260"><subfield code="a">Trenton, Mo. :</subfield><subfield code="b">W.B. Rogers &amp; Son,</subfield><subfield code="c">-1911.</subfield></datafield><datafield ind1=" " ind2=" " tag="300"><subfield code="a">v.</subfield></datafield><datafield ind1=" " ind2=" " tag="310"><subfield code="a">Daily (except Sun.)</subfield></datafield><datafield ind1="1" ind2=" " tag="362"><subfield code="a">Began in Mar. 1903?</subfield></datafield><datafield ind1="0" ind2=" " tag="362"><subfield code="a">-v. 30, no. 64 (Nov. 15, 1911).</subfield></datafield><datafield ind1=" " ind2=" " tag="588"><subfield code="a">Description based on: Vol. 23, no. 154 (Feb. 9, 1904).</subfield></datafield><datafield ind1=" " ind2=" " tag="752"><subfield code="a">United States</subfield><subfield code="b">Missouri</subfield><subfield code="c">Grundy</subfield><subfield code="d">Trenton.</subfield></datafield><datafield ind1="0" ind2=" " tag="775"><subfield code="t">Weekly republican-tribune</subfield><subfield code="w">(DLC)sn 89066367</subfield></datafield><datafield ind1="0" ind2="4" tag="780"><subfield code="t">Evening republican (Trenton, Mo.)</subfield><subfield code="w">(DLC)sn 89066356</subfield></datafield><datafield ind1="0" ind2="4" tag="780"><subfield code="t">Trenton morning tribune</subfield><subfield code="w">(DLC)sn 89066361</subfield></datafield><datafield ind1="0" ind2="0" tag="785"><subfield code="t">Trenton daily republican-tribune</subfield><subfield code="w">(DLC)sn 89066358</subfield></datafield></record>